<collection xmlns="http://www.loc.gov/MARC21/slim">
<record>
  <leader>00572na 0a22001211i 450 </leader>
  <controlfield tag="001">IT\ICCU\CNCE\073150</controlfield>
  <controlfield tag="005">20080603000000.0</controlfield>
  <datafield tag="100" ind1=" " ind2=" ">
    <subfield code="a">20080603             0itac0103    ba</subfield>
  </datafield>
  <datafield tag="101" ind1=" " ind2=" ">
    <subfield code="a">ITA</subfield>
  </datafield>
  <datafield tag="200" ind1="1" ind2=" ">
    <subfield code="a">Orationi diuotissime per cantare dinanzi all&apos;altiss. Dio, &amp; alla beatiss. sua madre, raccolte per instruir li fanciulli di Cremona,</subfield>
  </datafield>
  <datafield tag="710" ind1="0" ind2="2">
    <subfield code="a">Confraternita della Dottrina Cristiana</subfield>
    <subfield code="c"> &lt;Cremona&gt;</subfield>
    <subfield code="3">IT\ICCU\CNCT\004103</subfield>
  </datafield>
  <datafield tag="791" ind1="0" ind2="2">
    <subfield code="a"></subfield>
    <subfield code="c"> &lt;Cremona&gt;</subfield>
    <subfield code="3">IT\ICCU\CNCT\004104</subfield>
    <subfield code="z">Confraternita della Dottrina Cristiana &lt;Cremona&gt;</subfield>
  </datafield>
  <datafield tag="801" ind1=" " ind2="3">
    <subfield code="a">IT</subfield>
    <subfield code="b">ICCU</subfield>
    <subfield code="c">20201115</subfield>
  </datafield>
</record>
</collection>
